@misc{SQLite,
  key = {sqlite},
  title = {Manipulation d'une base de données SQLite},
  note = {\url{https://koor.fr/Java/Android/SQLiteSample.wp}, \url{https://www.youtube.com/watch?v=vRaR3yLnHig&list=PLRR7wjtXb1cB-jibndUwqv79O2KQkG6U&index=9}}
}

@misc{OpenClassRoomYoutube,
  key = {android},
  title = {Apprendre à créer des applications pour Android},
  note = {\url{https://openclassrooms.com/fr/courses/2023346-creez-des-applications-pour-android}, \url{https://www.youtube.com/channel/UCUIF5MImktJLDWDKe5oTdJQ/videos}}
}

@misc{Image,
  key = {image},
  title = {Pour les images},
  note = {\url{https://www.youtube.com/watch?v=eTDGOjCvi7Q}, \url{https://stackoverflow.com/questions/17546101/get-real-path-for-uri-android},\url{https://developer.android.com/training/data-storage/use-cases}
  }
}

@misc{androidDoc,
  key = {android},
  title = {La documentation officiel d'Android},
  note = {\url{https://developer.android.com/docs}}
}

@misc{TutoAndroid,
    key = {tutoandroid},
    title = {Tutoriel youtube android},
    note = {\url{https://www.youtube.com/watch?v=rUnuYTjaBoU&list=PLRR7wjtXb1cA_nZyku75L1ropfJgxrMMy}}
}
